@ONLINE{HTML,
	author = {selfhtml.org},
	url = {https://wiki.selfhtml.org/wiki/HTML},
	note = {Zugriff: 15.06.2017}
}

@ONLINE{Hypertext_Markup_Language,
	author = {Wikipedia.org},
	url = {https://de.wikipedia.org/wiki/Hypertext_Markup_Language},
	note = {Zugriff: 15.06.2017}
}

@ONLINE{HTML/Dokumentstruktur_und_Aufbau,
	author = {selfhtml.org},
	url = {https://wiki.selfhtml.org/wiki/HTML/Dokumentstruktur_und_Aufbau},
	note = {Zugriff: 15.06.2017}
}

@ONLINE{HTML/Kopfdaten,
	author = {selfhtml.org},
	url = {https://wiki.selfhtml.org/wiki/HTML/Kopfdaten},
	note = {Zugriff: 15.06.2017}
}

@ONLINE{HTML/Frames,
	author = {selfhtml.org},
	url = {https://wiki.selfhtml.org/wiki/HTML/Frames},
	note = {Zugriff: 15.06.2017}
}

@ONLINE{HTML5,
	author = {Wikipedia.org},
	url = {https://de.wikipedia.org/wiki/HTML5},
	note = {Zugriff: 15.06.2017}
}

@ONLINE{Webformular,
	author = {Wikipedia.org},
	url = {https://de.wikipedia.org/wiki/Webformular},
	note = {Zugriff: 15.06.2017}
}

@ONLINE{JavaScript,
	author = {searchenterprisesoftware.de},
	url = {http://www.searchenterprisesoftware.de/definition/JavaScript},
	note = {Zugriff: 15.06.2017}
}

@ONLINE{wiki/JavaScript,
	author = {Wikipedia.org},
	url = {https://de.wikipedia.org/wiki/JavaScript},
	note = {Zugriff: 15.06.2017}
}

@ONLINE{JavaScript-JS,
	author = {itwissen.info},
	url = {http://www.itwissen.info/JavaScript-JavaScript-JS.html},
	note = {Zugriff: 15.06.2017}
}

@ONLINE{HTML/Formulare/Form,
	author = {selfhtml.org},
	url = {https://wiki.selfhtml.org/wiki/HTML/Formulare/Form},
	note = {Zugriff: 15.06.2017}
}

@ONLINE{Integrierte_Entwicklungsumgebung,
	author = {Wikipedia.org},
	url = {https://de.wikipedia.org/wiki/Integrierte_Entwicklungsumgebung},
	note = {Zugriff: 15.06.2017}
}

@ONLINE{Texteditor,
	author = {Wikipedia.org},
	url = {https://de.wikipedia.org/wiki/Texteditor},
	note = {Zugriff: 15.06.2017}
}

@ONLINE{Medienbruch,
	author = {Wikipedia.org},
	url = {https://de.wikipedia.org/wiki/Medienbruch},
	note = {Zugriff: 15.06.2017}
}

@ONLINE{wiki/Dropzone,
	author = {Wikipedia.org},
	url = {https://de.wikipedia.org/wiki/Dropzone},
	note = {Zugriff: 15.06.2017}
}
